@misc{Abbe2022Community,
  title = {Community {{Detection}} and {{Stochastic Block Models}}},
  author = {Abbe, Emmanuel},
  year = {2022},
  number = {arXiv:1703.10146},
  eprint = {1703.10146},
  primaryclass = {cs, math, stat},
  publisher = {{arXiv}},
  doi = {10.48550/arXiv.1703.10146},
  urldate = {2023-07-10},
  archiveprefix = {arxiv}
}

@article{Albery2020Predicting,
  title = {Predicting the Global Mammalian Viral Sharing Network Using Phylogeography},
  author = {Albery, Gregory F. and Eskew, Evan A. and Ross, Noam and Olival, Kevin J.},
  year = {2020},
  journal = {Nature Communications},
  volume = {11},
  number = {1},
  pages = {2260},
  publisher = {{Nature Publishing Group}},
  issn = {2041-1723},
  doi = {10.1038/s41467-020-16153-4},
  urldate = {2023-05-10},
  langid = {english}
}

@article{Albery2021Science,
  title = {The Science of the Host\textendash Virus Network},
  author = {Albery, Gregory F. and Becker, Daniel J. and Brierley, Liam and Brook, Cara E. and Christofferson, Rebecca C. and Cohen, Lily E. and Dallas, Tad A. and Eskew, Evan A. and Fagre, Anna and Farrell, Maxwell J. and Glennon, Emma and Guth, Sarah and Joseph, Maxwell B. and Mollentze, Nardus and Neely, Benjamin A. and Poisot, Timoth{\'e}e and Rasmussen, Angela L. and Ryan, Sadie J. and Seifert, Stephanie and Sjodin, Anna R. and Sorrell, Erin M. and Carlson, Colin J.},
  year = {2021},
  journal = {Nature Microbiology},
  volume = {6},
  number = {12},
  pages = {1483--1492},
  publisher = {{Nature Publishing Group}},
  issn = {2058-5276},
  doi = {10.1038/s41564-021-00999-5},
  urldate = {2023-04-05},
  langid = {english}
}

@article{Albouy2019Marine,
  title = {The Marine Fish Food Web Is Globally Connected},
  author = {Albouy, Camille and Archambault, Philippe and Appeltans, Ward and Ara{\'u}jo, Miguel B. and Beauchesne, David and Cazelles, Kevin and Cirtwill, Alyssa R. and Fortin, Marie-Jos{\'e}e and Galiana, Nuria and Leroux, Shawn J. and Pellissier, Lo{\"i}c and Poisot, Timoth{\'e}e and Stouffer, Daniel B. and Wood, Spencer A. and Gravel, Dominique},
  year = {2019},
  journal = {Nature Ecology \& Evolution},
  volume = {3},
  number = {8},
  pages = {1153--1161},
  publisher = {{Nature Publishing Group}},
  issn = {2397-334X},
  doi = {10.1038/s41559-019-0950-y},
  urldate = {2023-04-12},
  langid = {english}
}

@article{Allesina2012Stability,
  title = {Stability Criteria for Complex Ecosystems},
  author = {Allesina, Stefano and Tang, Si},
  year = {2012},
  journal = {Nature},
  volume = {483},
  number = {7388},
  pages = {205--208},
  publisher = {{Nature Publishing Group}},
  issn = {1476-4687},
  doi = {10.1038/nature10832},
  urldate = {2023-04-12},
  langid = {english}
}

@article{Anthony2013Strategy,
  title = {A Strategy to Estimate Unknown Viral Diversity in Mammals},
  author = {Anthony, Simon J. and Epstein, Jonathan H. and Murray, Kris A. and {Navarrete-Macias}, Isamara and {Zambrana-Torrelio}, Carlos M. and Solovyov, Alexander and {Ojeda-Flores}, Rafael and Arrigo, Nicole C. and Islam, Ariful and Ali Khan, Shahneaz and Hosseini, Parviez and Bogich, Tiffany L. and Olival, Kevin J. and {Sanchez-Leon}, Maria D. and Karesh, William B. and Goldstein, Tracey and Luby, Stephen P. and Morse, Stephen S. and Mazet, Jonna A. K. and Daszak, Peter and Lipkin, W. Ian},
  year = {2013},
  journal = {mBio},
  volume = {4},
  number = {5},
  pages = {e00598-00513},
  issn = {2150-7511},
  doi = {10.1128/mBio.00598-13},
  langid = {english},
  pmcid = {PMC3760253}
}

@article{Anupriya2022Modelling,
  title = {Modelling the Propagation of Infectious Disease via Transportation Networks},
  author = {Anupriya and Bansal, Prateek and Graham, Daniel J.},
  year = {2022},
  journal = {Scientific Reports},
  volume = {12},
  number = {1},
  pages = {20572},
  publisher = {{Nature Publishing Group}},
  issn = {2045-2322},
  doi = {10.1038/s41598-022-24866-3},
  urldate = {2023-05-30},
  langid = {english}
}

@article{Barbillon2017Stochastic,
  title = {Stochastic Block-Models for Multiplex Networks : {{An}} Application to a Multilevel Network of Researchers},
  author = {Barbillon, Pierre and Donnet, Sophie and Lazega, Emmanuel and {Bar-Hen}, Avner},
  year = {2017},
  journal = {Journal of the Royal Statistical Society: Series A Statistics in Society},
  volume = {180},
  number = {1},
  pages = {295},
  doi = {10.1111/rssa.12193},
  urldate = {2023-07-10},
  langid = {english}
}

@article{Barner-Barry1989Dialectical,
  title = {The {{Dialectical Biologist}}. {{Richard Levins}} and {{Richard Lewontin}}, {{Cambridge}}: {{Harvard University Press}}, 1985},
  author = {{Barner-Barry}, Carol},
  year = {1989},
  journal = {Politics and the Life Sciences},
  volume = {8},
  number = {1},
  pages = {111--111},
  publisher = {{Cambridge University Press}},
  issn = {0730-9384, 1471-5457},
  doi = {10.1017/S0730938400009461},
  urldate = {2023-04-12},
  langid = {english}
}

@article{Becker2022Optimising,
  title = {Optimising Predictive Models to Prioritise Viral Discovery in Zoonotic Reservoirs},
  author = {Becker, Daniel J and Albery, Gregory F and Sjodin, Anna R and Poisot, Timoth{\'e}e and Bergner, Laura M and Chen, Binqi and Cohen, Lily E and Dallas, Tad A and Eskew, Evan A and Fagre, Anna C and Farrell, Maxwell J and Guth, Sarah and Han, Barbara A and Simmons, Nancy B and Stock, Michiel and Teeling, Emma C and Carlson, Colin J},
  year = {2022},
  journal = {The Lancet Microbe},
  volume = {3},
  number = {8},
  pages = {e625-e637},
  issn = {2666-5247},
  doi = {10.1016/S2666-5247(21)00245-7},
  urldate = {2023-04-05},
  langid = {english}
}

@article{Belay2017Zoonotic,
  title = {Zoonotic {{Disease Programs}} for {{Enhancing Global Health Security}}},
  author = {Belay, Ermias D. and Kile, James C. and Hall, Aron J. and {Barton-Behravesh}, Casey and Parsons, Michele B. and Salyer, Stephanie and Walke, Henry},
  year = {2017},
  journal = {Emerging Infectious Diseases},
  volume = {23},
  number = {13},
  pages = {S65-70},
  issn = {1080-6059},
  doi = {10.3201/eid2313.170544},
  langid = {english},
  pmcid = {PMC5711319}
}

@article{Benzi2020Matrix,
  title = {Matrix Functions in Network Analysis},
  author = {Benzi, Michele and Boito, Paola},
  year = {2020},
  journal = {GAMM-Mitteilungen},
  volume = {43},
  number = {3},
  pages = {e202000012},
  issn = {1522-2608},
  doi = {10.1002/gamm.202000012},
  urldate = {2023-07-18},
  langid = {english}
}

@article{Bogich2013Using,
  title = {Using Network Theory to Identify the Causes of Disease Outbreaks of Unknown Origin},
  author = {Bogich, Tiffany L. and Funk, Sebastian and Malcolm, Trent R. and Chhun, Nok and Epstein, Jonathan H. and Chmura, Aleksei A. and Kilpatrick, A. Marm and Brownstein, John S. and Hutchison, O. Clyde and {Doyle-Capitman}, Catherine and Deaville, Robert and Morse, Stephen S. and Cunningham, Andrew A. and Daszak, Peter},
  year = {2013},
  journal = {Journal of the Royal Society Interface},
  volume = {10},
  number = {81},
  pages = {20120904},
  issn = {1742-5689},
  doi = {10.1098/rsif.2012.0904},
  urldate = {2023-05-10},
  pmcid = {PMC3627096}
}

@misc{bruntonModernKoopmanTheory2021,
  title = {Modern {{Koopman Theory}} for {{Dynamical Systems}}},
  author = {Brunton, Steven L. and Budi{\v s}i{\'c}, Marko and Kaiser, Eurika and Kutz, J. Nathan},
  year = {2021},
  number = {arXiv:2102.12086},
  eprint = {2102.12086},
  primaryclass = {cs, eess, math},
  publisher = {{arXiv}},
  doi = {10.48550/arXiv.2102.12086},
  urldate = {2023-04-20},
  archiveprefix = {arxiv}
}

@article{Canard2012Emergence,
  title = {Emergence of {{Structural Patterns}} in {{Neutral Trophic Networks}}},
  author = {Canard, Elsa and Mouquet, Nicolas and Marescot, Lucile and Gaston, Kevin J. and Gravel, Dominique and Mouillot, David},
  year = {2012},
  journal = {PLOS ONE},
  volume = {7},
  number = {8},
  pages = {e38295},
  publisher = {{Public Library of Science}},
  issn = {1932-6203},
  doi = {10.1371/journal.pone.0038295},
  urldate = {2023-04-12},
  langid = {english}
}

@article{Canard2014Empirical,
  title = {Empirical {{Evaluation}} of {{Neutral Interactions}} in {{Host-Parasite Networks}}.},
  author = {Canard, E. F. and Mouquet, N. and Mouillot, D. and Stanko, M. and Miklisova, D. and Gravel, D.},
  year = {2014},
  journal = {The American Naturalist},
  volume = {183},
  number = {4},
  pages = {468--479},
  publisher = {{The University of Chicago Press}},
  issn = {0003-0147},
  doi = {10.1086/675363},
  urldate = {2023-04-12}
}

@article{Capinha2015Dispersal,
  title = {The Dispersal of Alien Species Redefines Biogeography in the {{Anthropocene}}},
  author = {Capinha, C{\'e}sar and Essl, Franz and Seebens, Hanno and Moser, Dietmar and Pereira, Henrique Miguel},
  year = {2015},
  journal = {Science},
  volume = {348},
  number = {6240},
  pages = {1248--1251},
  publisher = {{American Association for the Advancement of Science}},
  doi = {10.1126/science.aaa8913},
  urldate = {2023-05-10}
}

@article{Carlson2019Global,
  title = {Global Estimates of Mammalian Viral Diversity Accounting for Host Sharing},
  author = {Carlson, Colin J. and Zipfel, Casey M. and Garnier, Romain and Bansal, Shweta},
  year = {2019},
  journal = {Nature Ecology \& Evolution},
  volume = {3},
  number = {7},
  pages = {1070--1075},
  publisher = {{Nature Publishing Group}},
  issn = {2397-334X},
  doi = {10.1038/s41559-019-0910-6},
  urldate = {2023-05-10},
  langid = {english}
}

@article{Carlson2022Climate,
  title = {Climate Change Increases Cross-Species Viral Transmission Risk},
  author = {Carlson, Colin J. and Albery, Gregory F. and Merow, Cory and Trisos, Christopher H. and Zipfel, Casey M. and Eskew, Evan A. and Olival, Kevin J. and Ross, Noam and Bansal, Shweta},
  year = {2022},
  journal = {Nature},
  volume = {607},
  number = {7919},
  pages = {555--562},
  publisher = {{Nature Publishing Group}},
  issn = {1476-4687},
  doi = {10.1038/s41586-022-04788-w},
  urldate = {2023-05-18},
  langid = {english}
}

@article{Carlson2022Global,
  title = {The {{Global Virome}} in {{One Network}} ({{VIRION}}): An {{Atlas}} of {{Vertebrate-Virus Associations}}},
  author = {Carlson, Colin J. and Gibb, Rory J. and Albery, Gregory F. and Brierley, Liam and Connor, Ryan P. and Dallas, Tad A. and Eskew, Evan A. and Fagre, Anna C. and Farrell, Maxwell J. and Frank, Hannah K. and Muylaert, Renata L. and Poisot, Timoth{\'e}e and Rasmussen, Angela L. and Ryan, Sadie J. and Seifert, Stephanie N.},
  year = {2022},
  journal = {mBio},
  volume = {13},
  number = {2},
  pages = {e02985-21},
  publisher = {{American Society for Microbiology}},
  doi = {10.1128/mbio.02985-21},
  urldate = {2023-04-05}
}

@article{Carroll2018Global,
  title = {The {{Global Virome Project}}},
  author = {Carroll, Dennis and Daszak, Peter and Wolfe, Nathan D. and Gao, George F. and Morel, Carlos M. and Morzaria, Subhash and {Pablos-M{\'e}ndez}, Ariel and Tomori, Oyewale and Mazet, Jonna A. K.},
  year = {2018},
  journal = {Science},
  volume = {359},
  number = {6378},
  pages = {872--874},
  publisher = {{American Association for the Advancement of Science}},
  doi = {10.1126/science.aap7463},
  urldate = {2023-06-05}
}

@article{Chuang2018Adversarial,
  title = {Adversarial {{Controls}} for {{Scientific Machine Learning}}},
  author = {Chuang, Kangway V. and Keiser, Michael J.},
  year = {2018},
  journal = {ACS Chemical Biology},
  volume = {13},
  number = {10},
  pages = {2819--2821},
  publisher = {{American Chemical Society}},
  issn = {1554-8929},
  doi = {10.1021/acschembio.8b00881},
  urldate = {2023-04-12}
}

@article{Coja-Oghlan2010Graph,
  title = {Graph {{Partitioning}} via {{Adaptive Spectral Techniques}}},
  author = {{Coja-Oghlan}, Amin},
  year = {2010},
  journal = {Combinatorics, Probability and Computing},
  volume = {19},
  number = {2},
  pages = {227--284},
  publisher = {{Cambridge University Press}},
  issn = {1469-2163, 0963-5483},
  doi = {10.1017/S0963548309990514},
  urldate = {2023-07-13},
  langid = {english}
}

@article{Crofts2009Weighted,
  title = {A Weighted Communicability Measure Applied to Complex Brain Networks},
  author = {Crofts, Jonathan J and Higham, Desmond J},
  year = {2009},
  journal = {Journal of The Royal Society Interface},
  volume = {6},
  number = {33},
  pages = {411--414},
  publisher = {{Royal Society}},
  doi = {10.1098/rsif.2008.0484},
  urldate = {2023-04-26}
}

@article{Crofts2010Mapping,
  title = {Mapping Directed Networks},
  author = {Crofts, J. J. and Estrada, E. and Higham, D. J. and Taylor, A.},
  year = {2010},
  journal = {Electronic Transactions in Numerical Analysis},
  volume = {37},
  pages = {337--350},
  publisher = {{Kent State University}},
  issn = {1068-9613},
  urldate = {2023-05-19},
  langid = {english}
}

@book{Cvetkovic1997Eigenspaces,
  title = {Eigenspaces of {{Graphs}}},
  author = {Cvetkovic, Dragos and Rowlinson, Peter and Simic, Slobodan},
  year = {1997},
  series = {Encyclopedia of {{Mathematics}} and Its {{Applications}}},
  publisher = {{Cambridge University Press}},
  address = {{Cambridge}},
  doi = {10.1017/CBO9781139086547},
  urldate = {2023-04-20},
  isbn = {978-0-521-57352-8}
}

@article{Dallas2017Predicting,
  title = {Predicting Cryptic Links in Host-Parasite Networks},
  author = {Dallas, Tad and Park, Andrew W. and Drake, John M.},
  year = {2017},
  journal = {PLOS Computational Biology},
  volume = {13},
  number = {5},
  pages = {e1005557},
  publisher = {{Public Library of Science}},
  issn = {1553-7358},
  doi = {10.1371/journal.pcbi.1005557},
  urldate = {2023-05-10},
  langid = {english}
}

@article{Daru2021Widespread,
  title = {Widespread Homogenization of Plant Communities in the {{Anthropocene}}},
  author = {Daru, Barnabas H. and Davies, T. Jonathan and Willis, Charles G. and Meineke, Emily K. and Ronk, Argo and Zobel, Martin and P{\"a}rtel, Meelis and Antonelli, Alexandre and Davis, Charles C.},
  year = {2021},
  journal = {Nature Communications},
  volume = {12},
  number = {1},
  pages = {6983},
  publisher = {{Nature Publishing Group}},
  issn = {2041-1723},
  doi = {10.1038/s41467-021-27186-8},
  urldate = {2023-06-05},
  langid = {english}
}

@article{David2017Impacts,
  title = {Impacts of {{Invasive Species}} on {{Food Webs}}: {{A Review}} of {{Empirical Data}}},
  author = {David, Patrice and Th{\'e}bault, E. and Anneville, Orlane and Duyck, Pierre-Fran{\c c}ois and Chapuis, Elodie and Loeuille, Nicolas},
  year = {2017},
  journal = {Advances in Ecological Research},
  volume = {56},
  pages = {1--60},
  doi = {10.1016/bs.aecr.2016.10.001}
}

@article{Davies2008Phylogeny,
  title = {Phylogeny and Geography Predict Pathogen Community Similarity in Wild Primates and Humans},
  author = {Davies, T. Jonathan and Pedersen, Amy B.},
  year = {2008},
  journal = {Proceedings. Biological Sciences},
  volume = {275},
  number = {1643},
  pages = {1695--1701},
  issn = {0962-8452},
  doi = {10.1098/rspb.2008.0284},
  langid = {english},
  pmcid = {PMC2602822}
}

@article{Decelle2011Asymptotic,
  title = {Asymptotic Analysis of the Stochastic Block Model for Modular Networks and Its Algorithmic Applications},
  author = {Decelle, Aurelien and Krzakala, Florent and Moore, Cristopher and Zdeborov{\'a}, Lenka},
  year = {2011},
  journal = {Physical Review E},
  volume = {84},
  number = {6},
  pages = {066106},
  publisher = {{American Physical Society}},
  doi = {10.1103/PhysRevE.84.066106},
  urldate = {2023-07-13}
}

@incollection{Delvenne2013Stability,
  title = {The {{Stability}} of a {{Graph Partition}}: {{A Dynamics-Based Framework}} for {{Community Detection}}},
  booktitle = {Dynamics {{On}} and {{Of Complex Networks}}, {{Volume}} 2: {{Applications}} to {{Time-Varying Dynamical Systems}}},
  author = {Delvenne, Jean-Charles and Schaub, Michael T. and Yaliraki, Sophia N. and Barahona, Mauricio},
  editor = {Mukherjee, Animesh and Choudhury, Monojit and Peruani, Fernando and Ganguly, Niloy and Mitra, Bivas},
  year = {2013},
  series = {Modeling and {{Simulation}} in {{Science}}, {{Engineering}} and {{Technology}}},
  pages = {221--242},
  publisher = {{Springer}},
  address = {{New York, NY}},
  doi = {10.1007/978-1-4614-6729-8\_11},
  urldate = {2023-04-16},
  isbn = {978-1-4614-6729-8},
  langid = {english}
}

@article{Dominguez-Garcia2019Unveiling,
  title = {Unveiling Dimensions of Stability in Complex Ecological Networks},
  author = {{Dom{\'i}nguez-Garc{\'i}a}, Virginia and Dakos, Vasilis and K{\'e}fi, Sonia},
  year = {2019},
  journal = {Proceedings of the National Academy of Sciences},
  volume = {116},
  number = {51},
  pages = {25714--25720},
  publisher = {{Proceedings of the National Academy of Sciences}},
  doi = {10.1073/pnas.1904470116},
  urldate = {2023-04-12}
}

@article{Dunne2002Foodweb,
  title = {Food-Web Structure and Network Theory: {{The}} Role of Connectance and Size},
  author = {Dunne, Jennifer A. and Williams, Richard J. and Martinez, Neo D.},
  year = {2002},
  journal = {Proceedings of the National Academy of Sciences},
  volume = {99},
  number = {20},
  pages = {12917--12922},
  publisher = {{Proceedings of the National Academy of Sciences}},
  doi = {10.1073/pnas.192407699},
  urldate = {2023-04-12}
}

@article{Elmasri2020Hierarchical,
  title = {A Hierarchical {{Bayesian}} Model for Predicting Ecological Interactions Using Scaled Evolutionary Relationships},
  author = {Elmasri, Mohamad and Farrell, Maxwell J. and Davies, T. Jonathan and Stephens, David A.},
  year = {2020},
  journal = {The Annals of Applied Statistics},
  volume = {14},
  number = {1},
  pages = {221--240},
  publisher = {{Institute of Mathematical Statistics}},
  issn = {1932-6157, 1941-7330},
  doi = {10.1214/19-AOAS1296},
  urldate = {2023-05-10}
}

@article{Estrada2008Communicability,
  title = {Communicability in Complex Networks},
  author = {Estrada, Ernesto and Hatano, Naomichi},
  year = {2008},
  journal = {Physical Review E},
  volume = {77},
  number = {3},
  pages = {036111},
  publisher = {{American Physical Society}},
  doi = {10.1103/PhysRevE.77.036111},
  urldate = {2023-04-20}
}

@article{Estrada2009Communicability,
  title = {Communicability Betweenness in Complex Networks},
  author = {Estrada, Ernesto and Higham, Desmond J. and Hatano, Naomichi},
  year = {2009},
  journal = {Physica A: Statistical Mechanics and its Applications},
  volume = {388},
  number = {5},
  pages = {764--774},
  issn = {0378-4371},
  doi = {10.1016/j.physa.2008.11.011},
  urldate = {2023-04-20},
  langid = {english}
}

@article{Estrada2010Network,
  title = {Network {{Properties Revealed}} through {{Matrix Functions}}},
  author = {Estrada, Ernesto and Higham, Desmond J.},
  year = {2010},
  journal = {SIAM Review},
  volume = {52},
  number = {4},
  pages = {696--714},
  publisher = {{Society for Industrial and Applied Mathematics}},
  issn = {0036-1445},
  doi = {10.1137/090761070},
  urldate = {2023-04-20}
}

@incollection{Estrada201110,
  title = {10 {{Community}} Structure of Networks},
  booktitle = {The {{Structure}} of {{Complex Networks}}: {{Theory}} and {{Applications}}},
  author = {Estrada, Ernesto},
  editor = {Estrada, Ernesto},
  year = {2011},
  pages = {0},
  publisher = {{Oxford University Press}},
  doi = {10.1093/acprof:oso/9780199591756.003.0010},
  urldate = {2023-05-16},
  isbn = {978-0-19-959175-6}
}

@incollection{Estrada201118,
  title = {18 {{Ecological}} Networks},
  booktitle = {The {{Structure}} of {{Complex Networks}}: {{Theory}} and {{Applications}}},
  author = {Estrada, Ernesto},
  editor = {Estrada, Ernesto},
  year = {2011},
  pages = {0},
  publisher = {{Oxford University Press}},
  doi = {10.1093/acprof:oso/9780199591756.003.0018},
  urldate = {2023-04-26},
  isbn = {978-0-19-959175-6}
}

@incollection{Estrada201119,
  title = {19 {{Social}} and Economic Networks},
  booktitle = {The {{Structure}} of {{Complex Networks}}: {{Theory}} and {{Applications}}},
  author = {Estrada, Ernesto},
  editor = {Estrada, Ernesto},
  year = {2011},
  pages = {0},
  publisher = {{Oxford University Press}},
  doi = {10.1093/acprof:oso/9780199591756.003.0019},
  urldate = {2023-05-16},
  isbn = {978-0-19-959175-6}
}

@incollection{Estrada2011Communicability,
  title = {6 {{Communicability}} Functions in Networks},
  booktitle = {The {{Structure}} of {{Complex Networks}}: {{Theory}} and {{Applications}}},
  author = {Estrada, Ernesto},
  editor = {Estrada, Ernesto},
  year = {2011},
  pages = {0},
  publisher = {{Oxford University Press}},
  doi = {10.1093/acprof:oso/9780199591756.003.0006},
  urldate = {2023-04-20},
  isbn = {978-0-19-959175-6}
}

@article{Estrada2011Communityb,
  title = {Community Detection Based on Network Communicability},
  author = {Estrada, Ernesto},
  year = {2011},
  journal = {Chaos: An Interdisciplinary Journal of Nonlinear Science},
  volume = {21},
  number = {1},
  pages = {016103},
  issn = {1054-1500},
  doi = {10.1063/1.3552144},
  urldate = {2023-07-28}
}

@incollection{Estrada2011Network,
  title = {Network Bipartivity},
  booktitle = {The {{Structure}} of {{Complex Networks}}: {{Theory}} and {{Applications}}},
  author = {Estrada, Ernesto},
  editor = {Estrada, Ernesto},
  year = {2011},
  pages = {0},
  publisher = {{Oxford University Press}},
  doi = {10.1093/acprof:oso/9780199591756.003.0011},
  urldate = {2023-04-26},
  isbn = {978-0-19-959175-6}
}

@article{Estrada2012Physics,
  title = {The Physics of Communicability in Complex Networks},
  author = {Estrada, Ernesto and Hatano, Naomichi and Benzi, Michele},
  year = {2012},
  journal = {Physics Reports},
  series = {The {{Physics}} of {{Communicability}} in {{Complex Networks}}},
  volume = {514},
  number = {3},
  pages = {89--119},
  issn = {0370-1573},
  doi = {10.1016/j.physrep.2012.01.006},
  urldate = {2023-05-30},
  langid = {english}
}

@misc{Estrada2016Structure,
  title = {The Structure of Complex Networks: Theory and Applications},
  author = {Estrada, Ernesto and {ProQuest (Firm)}},
  year = {2016},
  publisher = {{Oxford University Press}},
  address = {{Oxford}},
  doi = {10.1093/acprof:oso/9780199591756.001.0001},
  urldate = {2023-04-26},
  isbn = {9780199591756 9780191613418 9781280593482 9780198783800 9780191613425 9780191774959},
  langid = {english},
  lccn = {T57.6 .E86 2012, 003, ELECTRONIC BOOK}
}

@article{Farrell2022Predicting,
  title = {Predicting Missing Links in Global Host\textendash Parasite Networks},
  author = {Farrell, Maxwell J. and Elmasri, Mohamad and Stephens, David A. and Davies, T. Jonathan},
  year = {2022},
  journal = {Journal of Animal Ecology},
  volume = {91},
  number = {4},
  pages = {715--726},
  issn = {1365-2656},
  doi = {10.1111/1365-2656.13666},
  urldate = {2023-05-10},
  langid = {english}
}

@article{Ferrera2017Effective,
  title = {Effective Competition Determines the Global Stability of Model Ecosystems},
  author = {Ferrera, Antonio and {Pascual-Garc{\'i}a}, Alberto and Bastolla, Ugo},
  year = {2017},
  journal = {Theoretical Ecology},
  volume = {10},
  number = {2},
  pages = {195--205},
  issn = {1874-1746},
  doi = {10.1007/s12080-016-0322-z},
  urldate = {2023-04-12},
  langid = {english}
}

@article{Fricke2020Accelerating,
  title = {Accelerating Homogenization of the Global Plant\textendash Frugivore Meta-Network},
  author = {Fricke, Evan C. and Svenning, Jens-Christian},
  year = {2020},
  journal = {Nature},
  volume = {585},
  number = {7823},
  pages = {74--78},
  publisher = {{Nature Publishing Group}},
  issn = {1476-4687},
  doi = {10.1038/s41586-020-2640-y},
  urldate = {2023-05-08},
  langid = {english}
}

@article{Gibb2021Data,
  title = {Data {{Proliferation}}, {{Reconciliation}}, and {{Synthesis}} in {{Viral Ecology}}},
  author = {Gibb, Rory and Albery, Gregory F and Becker, Daniel J and Brierley, Liam and Connor, Ryan and Dallas, Tad A and Eskew, Evan A and Farrell, Maxwell J and Rasmussen, Angela L and Ryan, Sadie J and Sweeny, Amy and Carlson, Colin J and Poisot, Timoth{\'e}e},
  year = {2021},
  journal = {BioScience},
  volume = {71},
  number = {11},
  pages = {1148--1156},
  issn = {0006-3568},
  doi = {10.1093/biosci/biab080},
  urldate = {2023-05-12}
}

@article{Gomez2013Centrality,
  title = {Centrality in Primate\textendash Parasite Networks Reveals the Potential for the Transmission of Emerging Infectious Diseases to Humans},
  author = {G{\'o}mez, Jos{\'e} Mar{\'i}a and Nunn, Charles L. and Verd{\'u}, Miguel},
  year = {2013},
  journal = {Proceedings of the National Academy of Sciences},
  volume = {110},
  number = {19},
  pages = {7738--7741},
  publisher = {{Proceedings of the National Academy of Sciences}},
  doi = {10.1073/pnas.1220716110},
  urldate = {2023-06-05}
}

@article{Guimaraes2020Structure,
  title = {The {{Structure}} of {{Ecological Networks Across Levels}} of {{Organization}}},
  author = {Guimar{\~a}es, Paulo R.},
  year = {2020},
  journal = {Annual Review of Ecology, Evolution, and Systematics},
  volume = {51},
  number = {1},
  pages = {433--460},
  doi = {10.1146/annurev-ecolsys-012220-120819},
  urldate = {2023-05-03}
}

@misc{Hamilton2018Representation,
  title = {Representation {{Learning}} on {{Graphs}}: {{Methods}} and {{Applications}}},
  author = {Hamilton, William L. and Ying, Rex and Leskovec, Jure},
  year = {2018},
  number = {arXiv:1709.05584},
  eprint = {1709.05584},
  primaryclass = {cs},
  publisher = {{arXiv}},
  doi = {10.48550/arXiv.1709.05584},
  urldate = {2023-05-24},
  archiveprefix = {arxiv}
}

@article{Helmus2014Island,
  title = {Island Biogeography of the {{Anthropocene}}},
  author = {Helmus, Matthew R. and Mahler, D. Luke and Losos, Jonathan B.},
  year = {2014},
  journal = {Nature},
  volume = {513},
  number = {7519},
  pages = {543--546},
  publisher = {{Nature Publishing Group}},
  issn = {1476-4687},
  doi = {10.1038/nature13739},
  urldate = {2023-05-10},
  langid = {english}
}

@article{Hoberg2015Evolution,
  title = {Evolution in Action: Climate Change, Biodiversity Dynamics and Emerging Infectious Disease},
  author = {Hoberg, Eric P. and Brooks, Daniel R.},
  year = {2015},
  journal = {Philosophical Transactions of the Royal Society B: Biological Sciences},
  volume = {370},
  number = {1665},
  pages = {20130553},
  issn = {0962-8436},
  doi = {10.1098/rstb.2013.0553},
  urldate = {2023-06-05},
  pmcid = {PMC4342959}
}

@article{Kissling2018Building,
  title = {Building Essential Biodiversity Variables ( {{{\textsc{EBV}}}} s) of Species Distribution and Abundance at a Global Scale},
  author = {Kissling, W. Daniel and Ahumada, Jorge A. and Bowser, Anne and Fernandez, Miguel and Fern{\'a}ndez, N{\'e}stor and Garc{\'i}a, Enrique Alonso and Guralnick, Robert P. and Isaac, Nick J. B. and Kelling, Steve and Los, Wouter and McRae, Louise and Mihoub, Jean-Baptiste and Obst, Matthias and Santamaria, Monica and Skidmore, Andrew K. and Williams, Kristen J. and Agosti, Donat and Amariles, Daniel and Arvanitidis, Christos and Bastin, Lucy and De Leo, Francesca and Egloff, Willi and Elith, Jane and Hobern, Donald and Martin, David and Pereira, Henrique M. and Pesole, Graziano and Peterseil, Johannes and Saarenmaa, Hannu and Schigel, Dmitry and Schmeller, Dirk S. and Segata, Nicola and Turak, Eren and Uhlir, Paul F. and Wee, Brian and Hardisty, Alex R.},
  year = {2018},
  journal = {Biological Reviews},
  volume = {93},
  number = {1},
  pages = {600--625},
  issn = {1464-7931, 1469-185X},
  doi = {10.1111/brv.12359},
  urldate = {2023-04-12},
  langid = {english}
}

@article{Lee2019Review,
  title = {A Review of Stochastic Block Models and Extensions for Graph Clustering},
  author = {Lee, Clement and Wilkinson, Darren J.},
  year = {2019},
  journal = {Applied Network Science},
  volume = {4},
  number = {1},
  pages = {1--50},
  publisher = {{SpringerOpen}},
  issn = {2364-8228},
  doi = {10.1007/s41109-019-0232-2},
  urldate = {2023-07-10},
  langid = {english}
}

@article{Longdon2014Evolution,
  title = {The {{Evolution}} and {{Genetics}} of {{Virus Host Shifts}}},
  author = {Longdon, Ben and Brockhurst, Michael A. and Russell, Colin A. and Welch, John J. and Jiggins, Francis M.},
  year = {2014},
  journal = {PLOS Pathogens},
  volume = {10},
  number = {11},
  pages = {e1004395},
  publisher = {{Public Library of Science}},
  issn = {1553-7374},
  doi = {10.1371/journal.ppat.1004395},
  urldate = {2023-05-24},
  langid = {english}
}

@article{Lu2019Regularized,
  title = {A {{Regularized Stochastic Block Model}} for the Robust Community Detection in Complex Networks},
  author = {Lu, Xiaoyan and Szymanski, Boleslaw K.},
  year = {2019},
  journal = {Scientific Reports},
  volume = {9},
  number = {1},
  pages = {13247},
  publisher = {{Nature Publishing Group}},
  issn = {2045-2322},
  doi = {10.1038/s41598-019-49580-5},
  urldate = {2023-07-10},
  langid = {english}
}

@article{Luis2013Comparison,
  title = {A Comparison of Bats and Rodents as Reservoirs of Zoonotic Viruses: Are Bats Special?},
  author = {Luis, Angela D. and Hayman, David T. S. and O'Shea, Thomas J. and Cryan, Paul M. and Gilbert, Amy T. and Pulliam, Juliet R. C. and Mills, James N. and Timonin, Mary E. and Willis, Craig K. R. and Cunningham, Andrew A. and Fooks, Anthony R. and Rupprecht, Charles E. and Wood, James L. N. and Webb, Colleen T.},
  year = {2013},
  journal = {Proceedings. Biological Sciences},
  volume = {280},
  number = {1756},
  pages = {20122753},
  issn = {1471-2954},
  doi = {10.1098/rspb.2012.2753},
  langid = {english},
  pmcid = {PMC3574368}
}

@book{May2001Stability,
  title = {Stability and Complexity in Model Ecosystems},
  author = {May, Robert M.},
  year = {2001},
  series = {Princeton Landmarks in Biology},
  edition = {1st Princeton landmarks in biology ed},
  publisher = {{Princeton University Press}},
  address = {{Princeton}},
  isbn = {978-0-691-08861-7},
  lccn = {QH541.15.M3 M38 2001}
}

@article{Melnyk2020Graphkke,
  title = {{{GraphKKE}}: Graph {{Kernel Koopman}} Embedding for Human Microbiome Analysis},
  author = {Melnyk, Kateryna and Klus, Stefan and Montavon, Gr{\'e}goire and Conrad, Tim O. F.},
  year = {2020},
  journal = {Applied Network Science},
  volume = {5},
  number = {1},
  pages = {96},
  issn = {2364-8228},
  doi = {10.1007/s41109-020-00339-2},
  urldate = {2023-04-24},
  langid = {english}
}

@article{Mollentze2020Viral,
  title = {Viral Zoonotic Risk Is Homogenous among Taxonomic Orders of Mammalian and Avian Reservoir Hosts},
  author = {Mollentze, Nardus and Streicker, Daniel G.},
  year = {2020},
  journal = {Proceedings of the National Academy of Sciences},
  volume = {117},
  number = {17},
  pages = {9423--9430},
  publisher = {{Proceedings of the National Academy of Sciences}},
  doi = {10.1073/pnas.1919176117},
  urldate = {2023-06-04}
}

@article{Morales-Castilla2021Forecasting,
  title = {Forecasting Parasite Sharing under Climate Change},
  author = {{Morales-Castilla}, Ignacio and Pappalardo, Paula and Farrell, Maxwell J. and Aguirre, A. Alonso and Huang, Shan and Gehman, Alyssa-Lois M. and Dallas, Tad and Gravel, Dominique and Davies, T. Jonathan},
  year = {2021},
  journal = {Philosophical Transactions of the Royal Society of London. Series B, Biological Sciences},
  volume = {376},
  number = {1837},
  pages = {20200360},
  issn = {1471-2970},
  doi = {10.1098/rstb.2020.0360},
  langid = {english},
  pmcid = {PMC8450630}
}

@incollection{Newman2006Models,
  title = {Models of Networks},
  booktitle = {The {{Structure}} and {{Dynamics}} of {{Networks}}:},
  editor = {Newman, Mark and Barab{\'a}si, Albert-L{\'a}szl{\'o} and Watts, Duncan J.},
  year = {2006},
  eprint = {j.ctt7ssgv.7},
  eprinttype = {jstor},
  pages = {229--414},
  publisher = {{Princeton University Press}},
  urldate = {2023-06-30},
  isbn = {978-0-691-11357-9}
}

@article{Olival2017Host,
  title = {Host and Viral Traits Predict Zoonotic Spillover from Mammals},
  author = {Olival, Kevin J. and Hosseini, Parviez R. and {Zambrana-Torrelio}, Carlos and Ross, Noam and Bogich, Tiffany L. and Daszak, Peter},
  year = {2017},
  journal = {Nature},
  volume = {546},
  number = {7660},
  pages = {646--650},
  publisher = {{Nature Publishing Group}},
  issn = {1476-4687},
  doi = {10.1038/nature22975},
  urldate = {2023-05-24},
  langid = {english}
}

@article{Ouyang2018Quantifying,
  title = {Quantifying {{Importance}} of {{Edges}} in {{Networks}}},
  author = {Ouyang, Bo and Xia, Yongxiang and Wang, Cong and Ye, Qiang and Yan, Zhi and Tang, Qiu},
  year = {2018},
  journal = {IEEE Transactions on Circuits and Systems II: Express Briefs},
  volume = {65},
  number = {9},
  pages = {1244--1248},
  issn = {1558-3791},
  doi = {10.1109/TCSII.2018.2820090}
}

@article{Park2019Phylogenetic,
  title = {Phylogenetic Aggregation Increases Zoonotic Potential of Mammalian Viruses},
  author = {Park, Andrew W.},
  year = {2019},
  journal = {Biology Letters},
  volume = {15},
  number = {12},
  pages = {20190668},
  publisher = {{Royal Society}},
  doi = {10.1098/rsbl.2019.0668},
  urldate = {2023-06-05}
}

@book{Peixoto2023Descriptive,
  title = {Descriptive vs. Inferential Community Detection in Networks: Pitfalls, Myths, and Half-Truths},
  author = {Peixoto, Tiago P.},
  year = {2023},
  eprint = {2112.00183},
  primaryclass = {physics, stat},
  doi = {10.1017/9781009118897},
  urldate = {2023-07-18},
  archiveprefix = {arxiv}
}

@article{Pichler2020Machine,
  title = {Machine Learning Algorithms to Infer Trait-Matching and Predict Species Interactions in Ecological Networks},
  author = {Pichler, Maximilian and Boreux, Virginie and Klein, Alexandra-Maria and Schleuning, Matthias and Hartig, Florian},
  year = {2020},
  journal = {Methods in Ecology and Evolution},
  volume = {11},
  number = {2},
  pages = {281--293},
  issn = {2041-210X},
  doi = {10.1111/2041-210X.13329},
  urldate = {2023-04-12},
  langid = {english}
}

@article{Pilosof2017Multilayer,
  title = {The Multilayer Nature of Ecological Networks},
  author = {Pilosof, Shai and Porter, Mason A. and Pascual, Mercedes and K{\'e}fi, Sonia},
  year = {2017},
  journal = {Nature Ecology \& Evolution},
  volume = {1},
  number = {4},
  pages = {1--9},
  publisher = {{Nature Publishing Group}},
  issn = {2397-334X},
  doi = {10.1038/s41559-017-0101},
  urldate = {2023-05-15},
  langid = {english}
}

@article{Pimm2008Biodiversity,
  title = {Biodiversity: {{Climate Change}} or {{Habitat Loss}} \textemdash{} {{Which Will Kill More Species}}?},
  author = {Pimm, Stuart L.},
  year = {2008},
  journal = {Current Biology},
  volume = {18},
  number = {3},
  pages = {R117-R119},
  issn = {0960-9822},
  doi = {10.1016/j.cub.2007.11.055},
  urldate = {2023-06-07},
  langid = {english}
}

@article{Plowright2017Pathways,
  title = {Pathways to Zoonotic Spillover},
  author = {Plowright, Raina K. and Parrish, Colin R. and McCallum, Hamish and Hudson, Peter J. and Ko, Albert I. and Graham, Andrea L. and {Lloyd-Smith}, James O.},
  year = {2017},
  journal = {Nature Reviews Microbiology},
  volume = {15},
  number = {8},
  pages = {502--510},
  publisher = {{Nature Publishing Group}},
  issn = {1740-1534},
  doi = {10.1038/nrmicro.2017.45},
  urldate = {2023-05-24},
  langid = {english}
}

@article{Poisot2014When,
  title = {When Is an Ecological Network Complex? {{Connectance}} Drives Degree Distribution and Emerging Network Properties},
  author = {Poisot, Timoth{\'e}e and Gravel, Dominique},
  year = {2014},
  journal = {PeerJ},
  volume = {2},
  pages = {e251},
  publisher = {{PeerJ Inc.}},
  issn = {2167-8359},
  doi = {10.7717/peerj.251},
  urldate = {2023-04-12},
  langid = {english}
}

@article{Poisot2015Species,
  title = {Beyond Species: Why Ecological Interaction Networks Vary through Space and Time},
  author = {Poisot, Timoth{\'e}e and Stouffer, Daniel B. and Gravel, Dominique},
  year = {2015},
  journal = {Oikos},
  volume = {124},
  number = {3},
  pages = {243--251},
  issn = {1600-0706},
  doi = {10.1111/oik.01719},
  urldate = {2023-04-12},
  langid = {english}
}

@article{Poisot2021Global,
  title = {Global Knowledge Gaps in Species Interaction Networks Data},
  author = {Poisot, Timoth{\'e}e and Bergeron, Gabriel and Cazelles, Kevin and Dallas, Tad and Gravel, Dominique and MacDonald, Andrew and Mercier, Benjamin and Violet, Cl{\'e}ment and Vissault, Steve},
  year = {2021},
  journal = {Journal of Biogeography},
  volume = {48},
  number = {7},
  pages = {1552--1563},
  issn = {1365-2699},
  doi = {10.1111/jbi.14127},
  urldate = {2023-02-05},
  langid = {english}
}

@misc{Poisot2022Network,
  title = {Network Embedding Unveils the Hidden Interactions in the Mammalian Virome},
  author = {Poisot, Timoth{\'e}e and Ouellet, Marie-Andr{\'e}e and Mollentze, Nardus and Farrell, Maxwell J. and Becker, Daniel J. and Brierly, Liam and Albery, Gregory F. and Gibb, Rory J. and Seifert, Stephanie N. and Carlson, Colin J.},
  year = {2022},
  number = {arXiv:2105.14973},
  eprint = {2105.14973},
  primaryclass = {q-bio},
  publisher = {{arXiv}},
  doi = {10.48550/arXiv.2105.14973},
  urldate = {2023-02-06},
  archiveprefix = {arxiv}
}

@article{Poisot2023Network,
  title = {Network Embedding Unveils the Hidden Interactions in the Mammalian Virome},
  author = {Poisot, Timoth{\'e}e and Ouellet, Marie-Andr{\'e}e and Mollentze, Nardus and Farrell, Maxwell J. and Becker, Daniel J. and Brierley, Liam and Albery, Gregory F. and Gibb, Rory J. and Seifert, Stephanie N. and Carlson, Colin J.},
  year = {2023},
  journal = {Patterns},
  pages = {100738},
  issn = {2666-3899},
  doi = {10.1016/j.patter.2023.100738},
  urldate = {2023-05-12},
  langid = {english}
}

@article{Pongsiri2009Biodiversity,
  title = {Biodiversity {{Loss Affects Global Disease Ecology}}},
  author = {Pongsiri, Montira J. and Roman, Joe and Ezenwa, Vanessa O. and Goldberg, Tony L. and Koren, Hillel S. and Newbold, Stephen C. and Ostfeld, Richard S. and Pattanayak, Subhrendu K. and Salkeld, Daniel J.},
  year = {2009},
  journal = {BioScience},
  volume = {59},
  number = {11},
  pages = {945--954},
  issn = {0006-3568},
  doi = {10.1525/bio.2009.59.11.6},
  urldate = {2023-06-05}
}

@article{Proctor2015Discovering,
  title = {Discovering Dynamic Patterns from Infectious Disease Data Using Dynamic Mode Decomposition},
  author = {Proctor, Joshua L. and Eckhoff, Philip A.},
  year = {2015},
  journal = {International Health},
  volume = {7},
  number = {2},
  pages = {139--145},
  issn = {1876-3405},
  doi = {10.1093/inthealth/ihv009},
  langid = {english},
  pmcid = {PMC4379984}
}

@misc{rackauckasUniversalDifferentialEquations2021,
  title = {Universal {{Differential Equations}} for {{Scientific Machine Learning}}},
  author = {Rackauckas, Christopher and Ma, Yingbo and Martensen, Julius and Warner, Collin and Zubov, Kirill and Supekar, Rohit and Skinner, Dominic and Ramadhan, Ali and Edelman, Alan},
  year = {2021},
  number = {arXiv:2001.04385},
  eprint = {2001.04385},
  primaryclass = {cs, math, q-bio, stat},
  publisher = {{arXiv}},
  doi = {10.48550/arXiv.2001.04385},
  urldate = {2023-04-12},
  archiveprefix = {arxiv}
}

@article{Restrepo2006Characterizing,
  title = {Characterizing the {{Dynamical Importance}} of {{Network Nodes}} and {{Links}}},
  author = {Restrepo, Juan G. and Ott, Edward and Hunt, Brian R.},
  year = {2006},
  journal = {Physical Review Letters},
  volume = {97},
  number = {9},
  pages = {094102},
  publisher = {{American Physical Society}},
  doi = {10.1103/PhysRevLett.97.094102},
  urldate = {2023-05-15}
}

@article{Rohr2014Components,
  title = {Components of {{Phylogenetic Signal}} in {{Antagonistic}} and {{Mutualistic Networks}}.},
  author = {Rohr, Rudolf P. and Bascompte, Jordi},
  year = {2014},
  journal = {The American Naturalist},
  volume = {184},
  number = {5},
  pages = {556--564},
  publisher = {{The University of Chicago Press}},
  issn = {0003-0147},
  doi = {10.1086/678234},
  urldate = {2023-06-09}
}

@article{Saavedra2017Structural,
  title = {A Structural Approach for Understanding Multispecies Coexistence},
  author = {Saavedra, Serguei and Rohr, Rudolf P. and Bascompte, Jordi and Godoy, Oscar and Kraft, Nathan J. B. and Levine, Jonathan M.},
  year = {2017},
  journal = {Ecological Monographs},
  volume = {87},
  number = {3},
  pages = {470--486},
  issn = {1557-7015},
  doi = {10.1002/ecm.1263},
  urldate = {2023-04-12},
  langid = {english}
}

@article{Saladin2020Rapid,
  title = {Rapid Climate Change Results in Long-Lasting Spatial Homogenization of Phylogenetic Diversity},
  author = {Saladin, Bianca and Pellissier, Lo{\"i}c and Graham, Catherine H. and Nobis, Michael P. and Salamin, Nicolas and Zimmermann, Niklaus E.},
  year = {2020},
  journal = {Nature Communications},
  volume = {11},
  number = {1},
  pages = {4663},
  publisher = {{Nature Publishing Group}},
  issn = {2041-1723},
  doi = {10.1038/s41467-020-18343-6},
  urldate = {2023-06-05},
  langid = {english}
}

@article{Salyer2017Prioritizing,
  title = {Prioritizing {{Zoonoses}} for {{Global Health Capacity Building}}\textemdash{{Themes}} from {{One Health Zoonotic Disease Workshops}} in 7 {{Countries}}, 2014\textendash 2016},
  author = {Salyer, Stephanie J. and Silver, Rachel and Simone, Kerri and Barton Behravesh, Casey},
  year = {2017},
  journal = {Emerging Infectious Diseases},
  volume = {23},
  number = {Suppl 1},
  pages = {S55-S64},
  issn = {1080-6040},
  doi = {10.3201/eid2313.170418},
  urldate = {2023-07-28},
  pmcid = {PMC5711306}
}

@article{Skinner2023Human,
  title = {Human Footprint Is Associated with Shifts in the Assemblages of Major Vector-Borne Diseases},
  author = {Skinner, Eloise B. and Glidden, Caroline K. and MacDonald, Andrew J. and Mordecai, Erin A.},
  year = {2023},
  journal = {Nature Sustainability},
  pages = {1--10},
  publisher = {{Nature Publishing Group}},
  issn = {2398-9629},
  doi = {10.1038/s41893-023-01080-1},
  urldate = {2023-05-10},
  langid = {english}
}

@article{Spiegelhalter2000Bayesian,
  title = {Bayesian Methods in Health Technology Assessment: A Review},
  author = {Spiegelhalter, D. J. and Myles, J. P. and Jones, D. R. and Abrams, K. R.},
  year = {2000},
  journal = {Health Technology Assessment (Winchester, England)},
  volume = {4},
  number = {38},
  pages = {1--130},
  issn = {1366-5278},
  langid = {english}
}

@article{Stephens2016Macroecology,
  title = {The Macroecology of Infectious Diseases: A New Perspective on Global-Scale Drivers of Pathogen Distributions and Impacts},
  author = {Stephens, Patrick R. and Altizer, Sonia and Smith, Katherine F. and Alonso Aguirre, A. and Brown, James H. and Budischak, Sarah A. and Byers, James E. and Dallas, Tad A. and Jonathan Davies, T. and Drake, John M. and Ezenwa, Vanessa O. and Farrell, Maxwell J. and Gittleman, John L. and Han, Barbara A. and Huang, Shan and Hutchinson, Rebecca A. and Johnson, Pieter and Nunn, Charles L. and Onstad, David and Park, Andrew and {Vazquez-Prokopec}, Gonzalo M. and Schmidt, John P. and Poulin, Robert},
  year = {2016},
  journal = {Ecology Letters},
  volume = {19},
  number = {9},
  pages = {1159--1171},
  issn = {1461-0248},
  doi = {10.1111/ele.12644},
  urldate = {2023-05-24},
  langid = {english}
}

@article{Strydom2021Roadmap,
  title = {A Roadmap towards Predicting Species Interaction Networks (across Space and Time)},
  author = {Strydom, Tanya and Catchen, Michael D. and Banville, Francis and Caron, Dominique and Dansereau, Gabriel and {Desjardins-Proulx}, Philippe and {Forero-Mu{\~n}oz}, Norma R. and Higino, Gracielle and Mercier, Benjamin and Gonzalez, Andrew and Gravel, Dominique and Pollock, Laura and Poisot, Timoth{\'e}e},
  year = {2021},
  journal = {Philosophical Transactions of the Royal Society of London. Series B, Biological Sciences},
  volume = {376},
  number = {1837},
  pages = {20210063},
  issn = {1471-2970},
  doi = {10.1098/rstb.2021.0063},
  langid = {english},
  pmcid = {PMC8450634}
}

@article{Strydom2022Food,
  title = {Food Web Reconstruction through Phylogenetic Transfer of Low-Rank Network Representation},
  author = {Strydom, Tanya and Bouskila, Salom{\'e} and Banville, Francis and Barros, Ceres and Caron, Dominique and Farrell, Maxwell J. and Fortin, Marie-Jos{\'e}e and Hemming, Victoria and Mercier, Benjamin and Pollock, Laura J. and Runghen, Rogini and Dalla Riva, Giulio V. and Poisot, Timoth{\'e}e},
  year = {2022},
  journal = {Methods in Ecology and Evolution},
  volume = {13},
  number = {12},
  pages = {2838--2849},
  issn = {2041-210X},
  doi = {10.1111/2041-210X.13835},
  urldate = {2023-02-06},
  langid = {english}
}

@article{Strydom2022Graph,
  title = {Graph Embedding and Transfer Learning Can Help Predict Potential Species Interaction Networks despite Data Limitations},
  author = {Strydom, Tanya and Bouskila, Salom{\'e} and Banville, Francis and Barros, Ceres and Caron, Dominique and Farrell, Maxwell Jenner and Fortin, Marie-Jos{\'e}e and Hemming, Victoria and Mercier, Benjamin and Pollock, Laura J.},
  year = {2022},
  publisher = {{EcoEvoRxiv}},
  urldate = {2023-04-11},
  langid = {english}
}

@article{Swei2020Patterns,
  title = {Patterns, {{Drivers}}, and {{Challenges}} of {{Vector-Borne Disease Emergence}}},
  author = {Swei, Andrea and Couper, Lisa I. and Coffey, Lark L. and Kapan, Durrell and Bennett, Shannon},
  year = {2020},
  journal = {Vector Borne and Zoonotic Diseases (Larchmont, N.Y.)},
  volume = {20},
  number = {3},
  pages = {159--170},
  issn = {1557-7759},
  doi = {10.1089/vbz.2018.2432},
  langid = {english},
  pmcid = {PMC7640753}
}

@article{Torres2020Glee,
  title = {{{GLEE}}: {{Geometric Laplacian Eigenmap Embedding}}},
  author = {Torres, Leo and Chan, Kevin S and {Eliassi-Rad}, Tina},
  year = {2020},
  journal = {Journal of Complex Networks},
  volume = {8},
  number = {2},
  pages = {cnaa007},
  issn = {2051-1329},
  doi = {10.1093/comnet/cnaa007},
  urldate = {2023-04-24}
}

@article{vanderPol2019Introduction,
  title = {Introduction to {{Network Modeling Using Exponential Random Graph Models}} ({{ERGM}}): {{Theory}} and an {{Application Using R-Project}}},
  author = {{van der Pol}, Johannes},
  year = {2019},
  journal = {Computational Economics},
  volume = {54},
  number = {3},
  pages = {845--875},
  issn = {1572-9974},
  doi = {10.1007/s10614-018-9853-2},
  urldate = {2023-05-17},
  langid = {english}
}

@article{Voinson2022How,
  title = {How Does the Host Community Structure Affect the Epidemiological Dynamics of Emerging Infectious Diseases?},
  author = {Voinson, Marina and Smadi, Charline and Billiard, Sylvain},
  year = {2022},
  journal = {Ecological Modelling},
  volume = {472},
  pages = {110092},
  issn = {0304-3800},
  doi = {10.1016/j.ecolmodel.2022.110092},
  urldate = {2023-07-26},
  langid = {english}
}

@article{Wardeh2021Divideandconquer,
  title = {Divide-and-Conquer: Machine-Learning Integrates Mammalian and Viral Traits with Network Features to Predict Virus-Mammal Associations},
  author = {Wardeh, Maya and Blagrove, Marcus S. C. and Sharkey, Kieran J. and Baylis, Matthew},
  year = {2021},
  journal = {Nature Communications},
  volume = {12},
  number = {1},
  pages = {3954},
  publisher = {{Nature Publishing Group}},
  issn = {2041-1723},
  doi = {10.1038/s41467-021-24085-w},
  urldate = {2023-05-10},
  langid = {english}
}

@incollection{Weitz2015Evolutionary,
  title = {Evolutionary {{Dynamics}} of {{Viruses}} or {{Microbes}}, but {{Not Both}}},
  booktitle = {Quantitative {{Viral Ecology}}},
  author = {Weitz, Joshua S.},
  year = {2015},
  series = {Dynamics of {{Viruses}} and {{Their Microbial Hosts}}},
  eprint = {j.ctt1dr36hx.8},
  eprinttype = {jstor},
  pages = {89--124},
  publisher = {{Princeton University Press}},
  urldate = {2023-07-26}
}

@incollection{Weitz2015Future,
  title = {The {{Future}} of {{Quantitative Viral Ecology}}},
  booktitle = {Quantitative {{Viral Ecology}}},
  author = {Weitz, Joshua S.},
  year = {2015},
  series = {Dynamics of {{Viruses}} and {{Their Microbial Hosts}}},
  eprint = {j.ctt1dr36hx.12},
  eprinttype = {jstor},
  pages = {236--244},
  publisher = {{Princeton University Press}},
  urldate = {2023-07-26}
}

@article{White2020Emerging,
  title = {Emerging Zoonotic Diseases Originating in Mammals: A Systematic Review of Effects of Anthropogenic Land-Use Change},
  author = {White, Rebekah J. and Razgour, Orly},
  year = {2020},
  journal = {Mammal Review},
  volume = {50},
  number = {4},
  pages = {336--352},
  issn = {1365-2907},
  doi = {10.1111/mam.12201},
  urldate = {2023-06-05},
  langid = {english}
}

@article{Woolhouse2008Temporal,
  title = {Temporal Trends in the Discovery of Human Viruses},
  author = {Woolhouse, Mark E.J and Howey, Richard and Gaunt, Eleanor and Reilly, Liam and {Chase-Topping}, Margo and Savill, Nick},
  year = {2008},
  journal = {Proceedings of the Royal Society B: Biological Sciences},
  volume = {275},
  number = {1647},
  pages = {2111--2115},
  publisher = {{Royal Society}},
  doi = {10.1098/rspb.2008.0294},
  urldate = {2023-05-24}
}

@article{Wyse2017Inferring,
  title = {Inferring Structure in Bipartite Networks Using the Latent Blockmodel and Exact {{ICL}}},
  author = {Wyse, Jason and Friel, Nial and Latouche, Pierre},
  year = {2017},
  journal = {Network Science},
  volume = {5},
  number = {1},
  pages = {45--69},
  publisher = {{Cambridge University Press}},
  issn = {2050-1242, 2050-1250},
  doi = {10.1017/nws.2016.25},
  urldate = {2023-07-18},
  langid = {english}
}

@article{Morales-Castilla2015Inferring,
	title = {Inferring biotic interactions from proxies},
	author = {Morales-Castilla, Ignacio and Matias, Miguel G. and Gravel, Dominique and {Araújo}, Miguel B.},
	year = {2015},
	month = {06},
	date = {2015-06-01},
	journal = {Trends in Ecology & Evolution},
	pages = {347--356},
	volume = {30},
	number = {6},
	doi = {10.1016/j.tree.2015.03.014},
	url = {https://www.sciencedirect.com/science/article/pii/S0169534715000774}
}

@article{Delmas2019Analysing,
	title = {Analysing ecological networks of species interactions},
	author = {Delmas, Eva and Besson, Mathilde and Brice, {Marie-Hélène} and Burkle, Laura A. and Dalla Riva, Giulio V. and Fortin, {Marie-Josée} and Gravel, Dominique and {Guimarães Jr.}, Paulo R. and Hembry, David H. and Newman, Erica A. and Olesen, Jens M. and Pires, Mathias M. and Yeakel, Justin D. and Poisot, {Timothée}},
	year = {2019},
	date = {2019},
	journal = {Biological Reviews},
	pages = {16--36},
	volume = {94},
	number = {1},
	doi = {10.1111/brv.12433},
	url = {https://onlinelibrary.wiley.com/doi/abs/10.1111/brv.12433},
	note = {{\_}eprint: https://onlinelibrary.wiley.com/doi/pdf/10.1111/brv.12433},
	langid = {en}
}
